@article{yuan,
  title={中国宏观经济增长面临的挑战——以中美贸易摩擦为例},
  author={袁志刚},
  year={2018},
}
@article{zhong,
  title={关于中美经贸摩擦的事实与中方立场},
  author={中华人民共和国国务院新闻办公室},
  year={2018},
}
